{1:F01ZKBKCHZZP80A0000000000}{2:I940XXXXXXXXXXXXN}{4:
:20:1235328655426
:25:011018-00017056
:28C:1/1
:60F:C081231CHF178249,24
:61:0812310101D45,25NCHGNONREF//IBEP010500058930
Migros MM Villereuse
:86:?ZKB:2218 673
Migros MM Villereuse
KARTEN-NR. 72218984
CHF        45.25
:61:0812310101D37,85NCHGNONREF//IBEP010500058931
Coop-1998 GE Eaux-
:86:?ZKB:2218 674
Coop-1998 GE Eaux-
KARTEN-NR. 72218984
CHF        37.85
:62F:C090101CHF178166,14
:64:C090101CHF178166,14
-}
{1:F01ZKBKCHZZP80A0000000000}{2:I940XXXXXXXXXXXXN}{4:
:20:1235328655428
:25:011018-00017056
:28C:2/1
:60F:C090101CHF178166,14
:61:0901020104D41,NCHGNONREF//IBEP010500125228
GARAGE AUTO-SECOURS
:86:?ZKB:2218 675
GARAGE AUTO-SECOURS
KARTEN-NR. 72218984
CHF        41.00
:61:0901030104D137,1NCHGNONREF//IBEP010500125229
Coop-1998 GE Eaux-
:86:?ZKB:2218 676
Coop-1998 GE Eaux-
KARTEN-NR. 72218984
CHF       137.10
:61:0901030104D90,45NCHGNONREF//IBEP010500125230
Migros MM Villereuse
:86:?ZKB:2218 677
Migros MM Villereuse
KARTEN-NR. 72218984
CHF        90.45
:62F:C090104CHF177897,59
:64:C090104CHF177897,59
-}
{1:F01ZKBKCHZZP80A0000000000}{2:I940XXXXXXXXXXXXN}{4:
:20:1235328655430
:25:011018-00017056
:28C:3/1
:60F:C090104CHF177897,59
:61:090105D174,NMSCXXXXX//7447010599400001
ONLINEBANK
:86:?ZKB:2299 678
ADMINISTRATION FISCA
IMPOT FEDERAL DIRECT
1211 GENEVE 3
GEMAESS IHREM ONLINEBANK-AUFTRAG
:62F:C090105CHF177723,59
:64:C090105CHF177723,59
-}
{1:F01ZKBKCHZZP80A0000000000}{2:I940XXXXXXXXXXXXN}{4:
:20:1235328655431
:25:011018-00017056
:28C:4/1
:60F:C090105CHF177723,59
:61:0901080107D1800,NDDTNONREF//6616010812970001
Lastschrift
:86:?ZKB:2205 679 Alain BORDIER + Cie SA 8 rue du Vieux-Coll.ge
1204 GENEVE LSV-BELASTUNGS-NR.: 090107    348 /
.                   240     / BOR1W
BEI WIDERSPRUCH: TEL. 0844 844 804.
DIE WIDERSPRUCHSFRIST ENDET 30 TAGE NACH DER NAECHSTEN ERSTELLUNG
DES KONTOAUSZUGES.
:62F:C090107CHF175923,59
:64:C090107CHF177723,59
-}
{1:F01ZKBKCHZZP80A0000000000}{2:I940XXXXXXXXXXXXN}{4:
:20:1235328655433
:25:011018-00017056
:28C:5/1
:60F:C090107CHF175923,59
:61:090109D579,3NMSCNONREF//7454010962370001
ONLINEBANK
:86:?ZKB:2299 680
HELSANA VERSICHERUNGEN AG
ZUERICHSTRASSE 130
8600 DUEBENDORF
GEMAESS IHREM ONLINEBANK-AUFTRAG
:62F:C090109CHF175344,29
:64:C090109CHF175344,29
-}
{1:F01ZKBKCHZZP80A0000000000}{2:I940XXXXXXXXXXXXN}{4:
:20:1235328655434
:25:011018-00017056
:28C:6/1
:60F:C090109CHF175344,29
:61:0901090110D29,7NCHGNONREF//IBEP011200002019
Pharmacie du Jet Pharmacie  du Jet
:86:?ZKB:2218 681
Pharmacie  du Jet d'Ea
KARTEN-NR. 72218984
CHF        29.70
:62F:C090110CHF175314,59
:64:C090110CHF175314,59
-}
{1:F01ZKBKCHZZP80A0000000000}{2:I940XXXXXXXXXXXXN}{4:
:20:1235328655437
:25:011018-00017056
:28C:7/1
:60F:C090110CHF175314,59
:61:0901100111D29,5NCHGNONREF//IBEP011200083015
Coop-1998 GE Eaux-
:86:?ZKB:2218 682
Coop-1998 GE Eaux-
KARTEN-NR. 72218984
CHF        29.50
:61:0901100111D121,85NCHGNONREF//IBEP011200083016
Migros MM Villereuse
:86:?ZKB:2218 683
Migros MM Villereuse
KARTEN-NR. 72218984
CHF       121.85
:62F:C090111CHF175163,24
:64:C090111CHF175163,24
-}
{1:F01ZKBKCHZZP80A0000000000}{2:I940XXXXXXXXXXXXN}{4:
:20:1235328655438
:25:011018-00017056
:28C:8/1
:60F:C090111CHF175163,24
:61:090112D9,45NMSCNONREF//7455011287110001
ONLINEBANK
:86:?ZKB:2299 684
SWISSCOM (SCHWEIZ) AG
ALTE TIEFENAUSTRASSE 6
3050 BERN
GEMAESS IHREM ONLINEBANK-AUFTRAG
:61:090112D8294,35NMSCXXXXX//7455011287120001
ONLINEBANK
:86:?ZKB:2299 685
GEMAESS IHREM ONLINEBANK-AUFTRAG
:62F:C090112CHF166859,44
:64:C090112CHF166859,44
-}
{1:F01ZKBKCHZZP80A0000000000}{2:I940XXXXXXXXXXXXN}{4:
:20:1235328655441
:25:011018-00017056
:28C:9/1
:60F:C090112CHF166859,44
:61:0901110114D49,2NCHGNONREF//IBEP011400035457
Agip Suisse SA 132
:86:?ZKB:2218 686
Agip Suisse SA 132
KARTEN-NR. 72218984
CHF        49.20
:62F:C090114CHF166810,24
:64:C090114CHF166810,24
-}
{1:F01ZKBKCHZZP80A0000000000}{2:I940XXXXXXXXXXXXN}{4:
:20:1235328655443
:25:011018-00017056
:28C:10/1
:60F:C090114CHF166810,24
:61:0901140115D11,4NCHGNONREF//IBEP011500043513
Coop-1998 GE Eaux-
:86:?ZKB:2218 687
Coop-1998 GE Eaux-
KARTEN-NR. 72218984
CHF        11.40
:62F:C090115CHF166798,84
:64:C090115CHF166798,84
-}
{1:F01ZKBKCHZZP80A0000000000}{2:I940XXXXXXXXXXXXN}{4:
:20:1235328655445
:25:011018-00017056
:28C:11/1
:60F:C090115CHF166798,84
:61:0901150116D100,NCHGNONREF//IBBM011600003714
BCGE GE-EAUX-VIVES
:86:?ZKB:2218 688
BCGE GE-EAUX-VIVES
KARTEN-NR. 72218984
CHF       100.00
:62F:C090116CHF166698,84
:64:C090116CHF166698,84
-}
{1:F01ZKBKCHZZP80A0000000000}{2:I940XXXXXXXXXXXXN}{4:
:20:1235328655446
:25:011018-00017056
:28C:12/1
:60F:C090116CHF166698,84
:61:0901160118D555,45NCHGNONREF//IBEP011900081409
Garage Albert Bonelli
:86:?ZKB:2218 689
Garage Albert Bonelli
KARTEN-NR. 72218984
CHF       555.45
:62F:C090118CHF166143,39
:64:C090118CHF166143,39
-}
{1:F01ZKBKCHZZP80A0000000000}{2:I940XXXXXXXXXXXXN}{4:
:20:1235328655448
:25:011018-00017056
:28C:13/1
:60F:C090118CHF166143,39
:61:0901180120D59,15NCHGNONREF//IBEP012000010001
Shell station-service
:86:?ZKB:2218 690
Shell station-service
KARTEN-NR. 72218984
CHF        59.15
:61:0901140120D20,NCHGNONREF//IBEP012000010002
Velo Service
:86:?ZKB:2218 691
Velo Service
KARTEN-NR. 72218984
CHF        20.00
:62F:C090120CHF166064,24
:64:C090120CHF166064,24
-}
{1:F01ZKBKCHZZP80A0000000000}{2:I940XXXXXXXXXXXXN}{4:
:20:1235328655449
:25:011018-00017056
:28C:14/1
:60F:C090120CHF166064,24
:61:0901210123D491,3NCHGNONREF//IBEP012300007034
Garage Albert Bonelli
:86:?ZKB:2218 692
Garage Albert Bonelli
KARTEN-NR. 72218984
CHF       491.30
:61:0901220123D8,85NCHGNONREF//IBEP012300007035
Migros MM Eaux-Vives
:86:?ZKB:2218 693
Migros MM Eaux-Vives
KARTEN-NR. 72218984
CHF         8.85
:62F:C090123CHF165564,09
:64:C090123CHF165564,09
-}
{1:F01ZKBKCHZZP80A0000000000}{2:I940XXXXXXXXXXXXN}{4:
:20:1235328655451
:25:011018-00017056
:28C:15/1
:60F:C090123CHF165564,09
:61:0901240125D9,3NCHGNONREF//IBEP012600079721
Denner GE-Rue du Lac
:86:?ZKB:2218 694
Denner GE-Rue du Lac
KARTEN-NR. 72218984
CHF         9.30
:62F:C090125CHF165554,79
:64:C090125CHF165554,79
-}
{1:F01ZKBKCHZZP80A0000000000}{2:I940XXXXXXXXXXXXN}{4:
:20:1235328655452
:25:011018-00017056
:28C:16/1
:60F:C090125CHF165554,79
:61:090126D57,85NMSCNONREF//7409012651570001
ONLINEBANK
:86:?ZKB:2299 695
HELSANA VERSICHERUNGEN AG
ZUERICHSTRASSE 130
8600 DUEBENDORF
GEMAESS IHREM ONLINEBANK-AUFTRAG
:61:090126C42930,NTRFNONREF//7020012656950002
1 Verguetung(en)
:86:?ZKB:2300 696
MADAME MARIE KUNDIG ET
M. ANDREAS PH.KUNDIG
5, CH.J.-BAPTISTE-TERRAY
1290 VERSOIX
:62F:C090126CHF208426,94
:64:C090126CHF208426,94
-}
{1:F01ZKBKCHZZP80A0000000000}{2:I940XXXXXXXXXXXXN}{4:
:20:1235328655455
:25:011018-00017056
:28C:17/1
:60F:C090126CHF208426,94
:61:0901240127D15,75NCHGNONREF//IBEP012700017147
Pharmacie du Jet Pharmacie  du Jet
:86:?ZKB:2218 697
Pharmacie  du Jet d'Ea
KARTEN-NR. 72218984
CHF        15.75
:62F:C090127CHF208411,19
:64:C090127CHF208411,19
-}
{1:F01ZKBKCHZZP80A0000000000}{2:I940XXXXXXXXXXXXN}{4:
:20:1235328655457
:25:011018-00017056
:28C:18/1
:60F:C090127CHF208411,19
:61:0901250128D29,95NCHGNONREF//IBEP012800042992
Agip Suisse SA 124
:86:?ZKB:2218 698
Agip Suisse SA 124
KARTEN-NR. 72218984
CHF        29.95
:62F:C090128CHF208381,24
:64:C090128CHF208381,24
-}
{1:F01ZKBKCHZZP80A0000000000}{2:I940XXXXXXXXXXXXN}{4:
:20:1235328655458
:25:011018-00017056
:28C:19/1
:60F:C090128CHF208381,24
:61:0901280129D15,5NCHGNONREF//IBEP012900008767
Coop-1998 GE Eaux-
:86:?ZKB:2218 699
Coop-1998 GE Eaux-
KARTEN-NR. 72218984
CHF        15.50
:61:0901280129D20,85NCHGNONREF//IBEP012900008768
Migros MM Villereuse
:86:?ZKB:2218 700
Migros MM Villereuse
KARTEN-NR. 72218984
CHF        20.85
:62F:C090129CHF208344,89
:64:C090129CHF208344,89
-}
{1:F01ZKBKCHZZP80A0000000000}{2:I940XXXXXXXXXXXXN}{4:
:20:1235328655460
:25:011018-00017056
:28C:20/1
:60F:C090129CHF208344,89
:61:0901300201D20,9NCHGNONREF//IBEP020200080397
Tamoil Frontenex
:86:?ZKB:2218 701
Tamoil Frontenex
KARTEN-NR. 72218984
CHF        20.90
:61:0901310201D6,2NCHGNONREF//IBEP020200080398
Migros MM Eaux-Vives
:86:?ZKB:2218 702
Migros MM Eaux-Vives
KARTEN-NR. 72218984
CHF         6.20
:62F:C090201CHF208317,79
:64:C090201CHF208317,79
-}
{1:F01ZKBKCHZZP80A0000000000}{2:I940XXXXXXXXXXXXN}{4:
:20:1235328655462
:25:011018-00017056
:28C:21/1
:60F:C090201CHF208317,79
:61:090202D174,NMSCXXXXX//7427020265380001
ONLINEBANK
:86:?ZKB:2299 703
ADMINISTRATION FISCA
IMPOT FEDERAL DIRECT
1211 GENEVE 3
GEMAESS IHREM ONLINEBANK-AUFTRAG
:61:090202D559,5NMSCNONREF//7427020265370001
ONLINEBANK
:86:?ZKB:2299 704
HELSANA VERSICHERUNGEN AG
ZUERICHSTRASSE 130
8600 DUEBENDORF
GEMAESS IHREM ONLINEBANK-AUFTRAG
:62F:C090202CHF207584,29
:64:C090202CHF207584,29
-}
{1:F01ZKBKCHZZP80A0000000000}{2:I940XXXXXXXXXXXXN}{4:
:20:1235328655463
:25:011018-00017056
:28C:22/1
:60F:C090202CHF207584,29
:61:090203D862,2NMSCNONREF//7430020364790001
ONLINEBANK
:86:?ZKB:2299 705
GEMAESS IHREM ONLINEBANK-AUFTRAG
:62F:C090203CHF206722,09
:64:C090203CHF206722,09
-}
{1:F01ZKBKCHZZP80A0000000000}{2:I940XXXXXXXXXXXXN}{4:
:20:1235328655466
:25:011018-00017056
:28C:23/1
:60F:C090203CHF206722,09
:61:0902040205D13,9NCHGNONREF//IBEP020500019744
Coop-1998 GE Eaux-
:86:?ZKB:2218 706
Coop-1998 GE Eaux-
KARTEN-NR. 72218984
CHF        13.90
:61:0902040205D10,NCHGNONREF//IBEP020500019745
Migros MM Villereuse
:86:?ZKB:2218 707
Migros MM Villereuse
KARTEN-NR. 72218984
CHF        10.00
:62F:C090205CHF206698,19
:64:C090205CHF206698,19
-}
{1:F01ZKBKCHZZP80A0000000000}{2:I940XXXXXXXXXXXXN}{4:
:20:1235328655468
:25:011018-00017056
:28C:24/1
:60F:C090205CHF206698,19
:61:0901280206D20,NMSCNONREF//X4H1318737460035
Jahresgeb Karte
:86:?ZKB:9999 708
:61:0902090206D1800,NDDTNONREF//6637020907280001
Lastschrift
:86:?ZKB:2205 709 Alain BORDIER + Cie SA 8 rue du Vieux-Coll.ge
1204 GENEVE LSV-BELASTUNGS-NR.: 090205   1430 /
.                   240     / BOR1W
BEI WIDERSPRUCH: TEL. 0844 844 804.
DIE WIDERSPRUCHSFRIST ENDET 30 TAGE NACH DER NAECHSTEN ERSTELLUNG
DES KONTOAUSZUGES.
:62F:C090206CHF204878,19
:64:C090206CHF206678,19
-}
{1:F01ZKBKCHZZP80A0000000000}{2:I940XXXXXXXXXXXXN}{4:
:20:1235328655470
:25:011018-00017056
:28C:25/1
:60F:C090206CHF204878,19
:61:0902070208D36,8NCHGNONREF//IBEP020900086792
Coop-1998 GE Eaux-
:86:?ZKB:2218 710
Coop-1998 GE Eaux-
KARTEN-NR. 72218984
CHF        36.80
:61:0902070208D121,3NCHGNONREF//IBEP020900086793
Migros MM Villereuse
:86:?ZKB:2218 711
Migros MM Villereuse
KARTEN-NR. 72218984
CHF       121.30
:62F:C090208CHF204720,09
:64:C090208CHF206520,09
-}
{1:F01ZKBKCHZZP80A0000000000}{2:I940XXXXXXXXXXXXN}{4:
:20:1235328655471
:25:011018-00017056
:28C:26/1
:60F:C090208CHF204720,09
:61:090210C646,NTRFNONREF//7045021039180002
1 Verguetung(en)
:86:?ZKB:2300 712
MADAME
MARIE KUNDIG-LUTOLF
5, CH.J.-BAPTISTE-TERRAY
1290 VERSOIX
PARKING 3 MOIS
:61:0902080210D48,05NCHGNONREF//IBEP021000022815
BP station-service
:86:?ZKB:2218 713
BP station-service
KARTEN-NR. 72218984
CHF        48.05
:61:0902090210D22,9NCHGNONREF//IBEP021000022816
Ellipse SA
:86:?ZKB:2218 714
Ellipse SA
KARTEN-NR. 72218984
CHF        22.90
:62F:C090210CHF205295,14
:64:C090210CHF205295,14
-}
{1:F01ZKBKCHZZP80A0000000000}{2:I940XXXXXXXXXXXXN}{4:
:20:1235328655474
:25:011018-00017056
:28C:27/1
:60F:C090210CHF205295,14
:61:0902090211D32,9NCHGNONREF//IBEP021100049367
Manor AG - 209
:86:?ZKB:2218 715
Manor AG - 209
KARTEN-NR. 72218984
CHF        32.90
:61:0902100211D9,8NCHGNONREF//IBEP021100017604
Migros MM Eaux-Vives
:86:?ZKB:2218 716
Migros MM Eaux-Vives
KARTEN-NR. 72218984
CHF         9.80
:62F:C090211CHF205252,44
:64:C090211CHF205252,44
-}
{1:F01ZKBKCHZZP80A0000000000}{2:I940XXXXXXXXXXXXN}{4:
:20:1235328655476
:25:011018-00017056
:28C:28/1
:60F:C090211CHF205252,44
:61:0902170218D49,9NCHGNONREF//IBEP021800017866
Marionnaud Parfumeries
:86:?ZKB:2218 717
Marionnaud Parfumeries
KARTEN-NR. 72218984
CHF        49.90
:61:0902170218D29,8NCHGNONREF//IBEP021800017867
Coop-1998 GE Eaux-
:86:?ZKB:2218 718
Coop-1998 GE Eaux-
KARTEN-NR. 72218984
CHF        29.80
:62F:C090218CHF205172,74
:64:C090218CHF205172,74
-}
{1:F01ZKBKCHZZP80A0000000000}{2:I940XXXXXXXXXXXXN}{4:
:20:1235328655477
:25:011018-00017056
:28C:29/1
:60F:C090218CHF205172,74
:61:0902170219D28,NCHGNONREF//IBEP021900013934
GARAGE AUTO-SECOURS
:86:?ZKB:2218 719
GARAGE AUTO-SECOURS
KARTEN-NR. 72218984
CHF        28.00
:62F:C090219CHF205144,74
:64:C090219CHF205144,74
-}

